<?xml version="1.0" encoding="UTF-8"?><record xmlns="http://www.loc.gov/MARC21/slim" xmlns:cinclude="http://apache.org/cocoon/include/1.0" xmlns:zs="http://www.loc.gov/zing/srw/">
  <leader>00551cz  a2200145n  4500</leader>
  <controlfield tag="001">n 2006027706</controlfield>
  <controlfield tag="003">DLC</controlfield>
  <controlfield tag="005">20130302074923.0</controlfield>
  <controlfield tag="008">060411n| azannaabn          |n aaa      </controlfield>
  <datafield tag="010" ind1=" " ind2=" ">
    <subfield code="a">n 2006027706</subfield>
  </datafield>
  <datafield tag="040" ind1=" " ind2=" ">
    <subfield code="a">DLC</subfield>
    <subfield code="b">eng</subfield>
    <subfield code="c">DLC</subfield>
    <subfield code="d">DLC</subfield>
    <subfield code="e">rda</subfield>
  </datafield>
  <datafield tag="100" ind1="1" ind2=" ">
    <subfield code="a">Gatti, Maria Cristina</subfield>
  </datafield>
  <datafield tag="377" ind1=" " ind2=" ">
    <subfield code="a">eng</subfield>
    <subfield code="a">spa</subfield>
  </datafield>
  <datafield tag="670" ind1=" " ind2=" ">
    <subfield code="a">Gatti, Maria Cristina. La negazione in prospettiva semantico-pragmatica, 2004:</subfield>
    <subfield code="b">t.p. (Maria Cristina Gatti)</subfield>
  </datafield>
  <datafield tag="670" ind1=" " ind2=" ">
    <subfield code="a">Spatiotemporality and cognitive-semiotic perspectives on corporate discourse for the web, 2013:</subfield>
    <subfield code="b">ECIP t.p. (Maria Cristina Gatti)</subfield>
  </datafield>
</record>